<record><leader>00000cas a22000007a 4500</leader><controlfield tag="001">19227022</controlfield><controlfield tag="008">890216d19141914gaudn ne      0    0eng d</controlfield><datafield ind1=" " ind2=" " tag="010"><subfield code="a">sn 89053117 </subfield></datafield><datafield ind1=" " ind2=" " tag="040"><subfield code="a">NLG</subfield><subfield code="b">eng</subfield><subfield code="c">NLG</subfield><subfield code="d">GUA</subfield><subfield code="d">OCLCQ</subfield><subfield code="d">OCLCF</subfield><subfield code="d">OCLCO</subfield></datafield><datafield ind1="1" ind2=" " tag="029"><subfield code="a">AU@</subfield><subfield code="b">000025541100</subfield></datafield><datafield ind1=" " ind2=" " tag="042"><subfield code="a">msc</subfield></datafield><datafield ind1=" " ind2=" " tag="043"><subfield code="a">n-us-ga</subfield></datafield><datafield ind1="0" ind2=" " tag="130"><subfield code="a">Daily gazette (Tifton, Ga.)</subfield></datafield><datafield ind1="1" ind2="4" tag="245"><subfield code="a">The daily gazette.</subfield></datafield><datafield ind1=" " ind2=" " tag="260"><subfield code="a">Tifton, Ga. :</subfield><subfield code="b">Gazette Pub. Co.,</subfield><subfield code="c">[1914]</subfield></datafield><datafield ind1=" " ind2=" " tag="300"><subfield code="a">v.</subfield></datafield><datafield ind1=" " ind2=" " tag="310"><subfield code="a">Daily (except Sun.)</subfield></datafield><datafield ind1="1" ind2=" " tag="362"><subfield code="a">Began on Sept. 14, 1914.</subfield></datafield><datafield ind1="0" ind2=" " tag="362"><subfield code="a">-v. 1, no. 7 (Sept. 21, 1914).</subfield></datafield><datafield ind1=" " ind2=" " tag="530"><subfield code="a">Also on microfilm: Atlanta, Ga. : Micro-Systems, Inc.</subfield></datafield><datafield ind1=" " ind2=" " tag="588"><subfield code="a">Description based on: Vol. 1, no. 2 (Sept. 15, 1914).</subfield></datafield><datafield ind1=" " ind2="0" tag="651"><subfield code="a">Tifton (Ga.)</subfield><subfield code="v">Newspapers.</subfield></datafield><datafield ind1=" " ind2="7" tag="655"><subfield code="a">Newspapers.</subfield><subfield code="2">fast</subfield><subfield code="0">(OCoLC)fst01423814</subfield></datafield><datafield ind1=" " ind2="7" tag="651"><subfield code="a">Georgia</subfield><subfield code="z">Tifton.</subfield><subfield code="2">fast</subfield><subfield code="0">(OCoLC)fst01217052</subfield></datafield><datafield ind1=" " ind2=" " tag="752"><subfield code="a">United States</subfield><subfield code="b">Georgia</subfield><subfield code="c">Tift</subfield><subfield code="d">Tifton.</subfield></datafield><datafield ind1="0" ind2=" " tag="775"><subfield code="t">Tifton gazette (Tifton, Ga. : Weekly)</subfield><subfield code="w">(DLC)sn 89053120</subfield><subfield code="w">(OCoLC)19227289</subfield></datafield><datafield ind1="0" ind2="0" tag="785"><subfield code="t">Daily Tifton gazette</subfield><subfield code="w">(DLC)sn 89053118</subfield><subfield code="w">(OCoLC)19227139</subfield></datafield></record>